@article{1999:Huisman,
  doi = {https://doi.org/10.1038/46540},
  year = {1999},
  month = september,
  publisher = {Nature},
  volume = {402},
  pages = {309--309},
  author = {J. Huisman and F. Weissing },
  title = {Biodiversity of plankton by species oscillations and chaos},
  journal = {Nature},
}

@article{1961:Hutchinson,
  doi = {https://doi.org/10.1086/282171},
  author = {G.E. Hutchinson},
  year = {1961},
  month = May-June	,
  volume = {95},
  number = {882},
  title = {The Paradox of the Plankton},
  journal = {The American Naturalist},
}

@article{1960:Hardin,
  doi = {https://doi.org/10.1126/science.131.3409.1292},
  author = {Garret Hardin},
  year = {1960},
  month = April,
  volume = {131},
  number = {3409},
  pages = {1292-1297},
  title = {The Competitive Exclusion Principle},
  journal = {Science},
}

@article{1973:Phillips,
  doi = {https://doi.org/10.1086/283553},
  author = {O. M. Phillips},
  year = {1973},
  month = January-February,
  volume = {107},
  number = {953},
  title = {The Equilibrium and Stability of Simple Marine Biological Systems. I. Primary Nutrient Consumers},
  journal = {The American Naturalist},
}

@article{1980:Armstrong,
  doi = {https://doi.org/10.1086/282818},
  author = {Robert A. Armstrong and Richard McGehee},
  year = {1980},
  month = February,
  volume = {115},
  number = {2},
  title = {Competitive Exclusion},
  journal = {The American Naturalist},
}

@article{2008:Schippers,
  doi = {https://doi.org/10.1046/j.1461-0248.2001.00239.x},
  author = {Peter Schippers and Antonie M. Verschoor and Matthijs Vos and Wolf M. Mooij},
  year = {2008},
  month = July,
  volume = {4},
  number = {6},
  pages = {404-407},
  title = {Does “supersaturated coexistence” resolve the “paradox of the plankton”?},
  journal = {Ecology Letters},
}

@article{2008:Huisman,
  doi = {https://doi.org/10.1046/j.1461-0248.2001.00256.x},
  author = {Jef Huisman and Anna M. Johansson and Eelke O. Folmer and Franz J. Weissing},
  year = {2008},
  month = July,
  volume = {4},
  number = {5},
  pages = {408-411},
  title = {Towards a solution of the plankton paradox: the importance of physiology and life history},
  journal = {Ecology Letters},
}